
@InCollection{xu,
  author = 	 {Jia. Xu and  Xiaomeng Gao and Lee A and Yamada S and Yavari E and Lubecke V and Boric-Lubecke O},
  title = 	 {Wrist-worn heartbeat monitoring system based on bio-impedance analysis},
  booktitle = 	 {Engineering in Medicine and Biology Society (EMBC)},
  publisher =    {IEEE},
  year = {2016}
}

@InCollection{garbey,
  author = 	 {M. Garbey and N. Sun and A. Merla and I. Pavlidis},
  title = 	 {Contact-free measurement of cardiac pulse based on the analysis of thermal imagery},
  booktitle = 	 {Transactions on Biomedical Engineering},
  publisher =    {IEEE},
  year = {2007}
}

@InCollection{AE,
  author = 	 {AE. Aubert and B. Seps and F. Beckers },
  title = 	 {Hearth rate variability in athletes},
  publisher =    {Sports Med},
  year = {2003}
}

@InCollection{li,
  author = 	 {P. Li and Y. Wang and J. He and L. Wang and Y Tian and T. S. Zhou and J. Li},
  title = 	 {High-Performance Personalized Heartbeat Classification Model for Long-Term ECG Signal},
  booktitle = 	 {Transactions on Biomedical Engineering},
  publisher =    {IEEE},
  year = {2017}
}

@InCollection{massot,
  author = 	 {B. Massot and T. Risset and G. Michelet and E. McAdams},
  title = 	 {A wireless, low-power, smart sensor of cardiac activity for clinical remote monitoring},
  booktitle = {E-health Networking, Application & Services (HealthCom)},
  publisher =    {IEEE},
  year = {2015}
}

@InCollection{holter,
  author = 	 {NJ. Holter},
  title = 	 {New method for hearth studies: Continous electrocardiography of active subjets over long periods is now practical},
  publisher =    {Science},
  year = {1961}
}